<?xml version="1.0" encoding="UTF-8"?><collection><record><leader>03614ntm a2200517 a 4500</leader><controlfield tag="001">002576824</controlfield><controlfield tag="003">MiAaHDL</controlfield><controlfield tag="005">20190719000000.0</controlfield><controlfield tag="006">m        d        </controlfield><controlfield tag="007">cr bn ---auaua</controlfield><controlfield tag="008">921116s1874    xx            00||  ara d</controlfield><datafield tag="035" ind1=" " ind2=" "><subfield code="a">(MiU)002576824</subfield></datafield><datafield tag="035" ind1=" " ind2=" "><subfield code="a">sdr-miu002576824</subfield></datafield><datafield tag="035" ind1=" " ind2=" "><subfield code="a">(OCoLC)34365220</subfield></datafield><datafield tag="035" ind1=" " ind2=" "><subfield code="a">(RLIN)MIUH92-A16</subfield></datafield><datafield tag="040" ind1=" " ind2=" "><subfield code="a">MiU</subfield><subfield code="c">MiU</subfield><subfield code="e">appm</subfield></datafield><datafield tag="100" ind1="1" ind2=" "><subfield code="6">880-01</subfield><subfield code="a">Qalaṣādī, Abū al-Ḥasan ʻAlī ibn Muḥammad,</subfield><subfield code="d">d. 1486.</subfield></datafield><datafield tag="240" ind1="1" ind2="0"><subfield code="6">880-02</subfield><subfield code="a">Kashf al-asrār ʻan ʻilm ḥurūf al-ghubār</subfield></datafield><datafield tag="245" ind1="1" ind2="0"><subfield code="6">880-03</subfield><subfield code="a">Hādhā al-kitāb kashf al-asrār fī ʻilm al-ghubār :</subfield><subfield code="k">manuscript,</subfield><subfield code="f">[1874] /</subfield><subfield code="c">lil-ʻallāmah al-Qalaṣādī.</subfield></datafield><datafield tag="300" ind1=" " ind2=" "><subfield code="a">1</subfield><subfield code="f">v. ([37] p. on 10 lvs.) ;</subfield><subfield code="c">25 cm.</subfield></datafield><datafield tag="500" ind1=" " ind2=" "><subfield code="a">Watermark: Andrea Galvani of Pordenone. See Edward Heawood, Watermarks, Mainly of the 17th and 18th Centuries (Hilversum, 1950), p. 35 and no. 860.</subfield></datafield><datafield tag="500" ind1=" " ind2=" "><subfield code="a">Contains short mathematical tables.</subfield></datafield><datafield tag="500" ind1=" " ind2=" "><subfield code="a">Text rubricated; marginal notes and corrections in hand of copyist and others.</subfield></datafield><datafield tag="500" ind1=" " ind2=" "><subfield code="a">Date and name of owner/copyist in colophon: ʻalá yad al-faqīr Aḥmad Kharās ...[?]... Rajab sanat 1291 [August-September 1874].</subfield></datafield><datafield tag="500" ind1=" " ind2=" "><subfield code="a">For an earlier copy of this text see Mich. Isl. Ms. 801,3.</subfield></datafield><datafield tag="500" ind1=" " ind2=" "><subfield code="a">al-Qalaṣādī (Carthage, 1988).</subfield></datafield><datafield tag="500" ind1=" " ind2=" "><subfield code="a">Text (not this copy) published.</subfield></datafield><datafield tag="510" ind1="4" ind2=" "><subfield code="a">GAL,</subfield><subfield code="c">v. II, p. 343; GAL, Suppl. II, p. 378; King, Survey, p. 141 and plate XCLIIIa; cf. EI2, v. iv, p. 476b; cf. Dict. Sci. Biog., v. 11, pp. 229-230</subfield></datafield><datafield tag="520" ind1=" " ind2=" "><subfield code="a">"An abridgement of the author's Kashf al-jilbāb ʻan ʻilm al-ḥisāb, in an introduction, four parts, and a conclusion.... Each part contains 8 chapters. This copy is defective; part 2, chapter 1 (end) to part 3, chapter 1 (beginning) is wanting (between ff. 11 and 12)." Cataloging by Elinor M. Husselman, 1945.</subfield></datafield><datafield tag="530" ind1=" " ind2=" "><subfield code="a">Microfilm available in repository.</subfield></datafield><datafield tag="538" ind1=" " ind2=" "><subfield code="a">Mode of access: Internet.</subfield></datafield><datafield tag="541" ind1=" " ind2=" "><subfield code="d">07/--/36</subfield><subfield code="3">Manuscript</subfield><subfield code="a">McGregor Fund</subfield><subfield code="c">Purchase, 1933/34</subfield></datafield><datafield tag="545" ind1=" " ind2=" "><subfield code="a">Spanish-Muslim mathematician; author of works on algebra, arithmetic, and Islamic law.</subfield></datafield><datafield tag="561" ind1=" " ind2=" "><subfield code="a">Purchased in Cairo, 1933/34. Owners' marks: on p. [1], owner/copyist's name given in full: milk al-faqīr ilá rabbihi al-qadīr Aḥmad ibn Ḥusayn Kharās al-ʻAdawī; inside cover, manuscript notes in handwriting of Max Meyerhof and Louis Charles Karpinski.</subfield></datafield><datafield tag="600" ind1="1" ind2="4"><subfield code="6">880-04</subfield><subfield code="a">Qalaṣādī, Abū al-Ḥasan ʻAlī ibn Muḥammad,</subfield><subfield code="d">d. 1486.</subfield><subfield code="t">Kashf al-jilbāb ʻan ʻilm al-ḥisāb.</subfield></datafield><datafield tag="650" ind1=" " ind2="0"><subfield code="a">Arithmetic</subfield><subfield code="v">Early works to 1900.</subfield></datafield><datafield tag="650" ind1=" " ind2="0"><subfield code="a">Mathematics, Arab</subfield><subfield code="y">Early works to 1800.</subfield></datafield><datafield tag="650" ind1=" " ind2="0"><subfield code="a">Manuscripts, Arabic</subfield><subfield code="z">Michigan</subfield><subfield code="z">Ann Arbor.</subfield></datafield><datafield tag="700" ind1="1" ind2="0"><subfield code="6">880-05</subfield><subfield code="a">Qalaṣādī, Abū al-Ḥasan ʻAlī ibn Muḥammad,</subfield><subfield code="d">d. 1486.</subfield><subfield code="t">Kashf al-jilbāb ʻan ʻilm al-ḥisāb.</subfield></datafield><datafield tag="700" ind1="1" ind2=" "><subfield code="a">Karpinski, Louis Charles,</subfield><subfield code="d">1878-1956,</subfield><subfield code="e">former owner.</subfield></datafield><datafield tag="700" ind1="1" ind2=" "><subfield code="a">Meyerhof, Max,</subfield><subfield code="d">1874-1945,</subfield><subfield code="e">former owner.</subfield></datafield><datafield tag="773" ind1="0" ind2=" "><subfield code="a">Tracy W. McGregor Collection of Arabic, Persian, and Turkish Mathematical and Astronomical Manuscripts.</subfield><subfield code="7">unbc</subfield><subfield code="w">(CStRLIN)MIUH92-A20.</subfield></datafield><datafield tag="880" ind1="0" ind2="0"><subfield code="6">700-05/</subfield><subfield code="a">أبو الحسن علي بن محمد القلصادي.</subfield><subfield code="t">كشف الجلباب عن علم الحساب.</subfield></datafield><datafield tag="880" ind1="0" ind2="4"><subfield code="6">600-04/</subfield><subfield code="a">أبو الحسن علي بن محمد القلصادي.</subfield><subfield code="t">كشف الجلباب عن علم الحساب.</subfield></datafield><datafield tag="880" ind1="1" ind2="0"><subfield code="6">245-03/</subfield><subfield code="a">هاذا الكتاب كشف الأسرار في علم الغبار :</subfield><subfield code="k">manuscript,</subfield><subfield code="f">[1874] /</subfield><subfield code="c">للعلامة القلصادي.</subfield></datafield><datafield tag="880" ind1="1" ind2="0"><subfield code="6">240-02/</subfield><subfield code="a">كشف الأسرار عن علم حروف الغبار</subfield></datafield><datafield tag="880" ind1="0" ind2=" "><subfield code="6">100-01/</subfield><subfield code="a">القلصادي.</subfield></datafield><datafield tag="CID" ind1=" " ind2=" "><subfield code="a">002576824</subfield></datafield><datafield tag="DAT" ind1="0" ind2=" "><subfield code="a">20190719102632.0</subfield><subfield code="b">20190719000000.0</subfield></datafield><datafield tag="DAT" ind1="1" ind2=" "><subfield code="a">20190719090653.0</subfield><subfield code="b">2019-07-19T16:10:36Z</subfield></datafield><datafield tag="DAT" ind1="2" ind2=" "><subfield code="a">2015-10-10T18:00:06Z</subfield><subfield code="b">2014-02-13T21:00:03Z</subfield></datafield><datafield tag="CAT" ind1=" " ind2=" "><subfield code="a">SDR-MIU</subfield><subfield code="d">EX LIBRIS - ALEPH</subfield><subfield code="l">prepare.pl-004-008</subfield></datafield><datafield tag="FMT" ind1=" " ind2=" "><subfield code="a">BK</subfield></datafield><datafield tag="HOL" ind1=" " ind2=" "><subfield code="0">sdr-miu002576824</subfield><subfield code="a">MiU</subfield><subfield code="b">SDR</subfield><subfield code="c">MIU</subfield><subfield code="p">mdp.39015081446794</subfield><subfield code="s">MIU</subfield><subfield code="1">002576824</subfield></datafield><datafield tag="974" ind1=" " ind2=" "><subfield code="b">MIU</subfield><subfield code="c">MIU</subfield><subfield code="d">20190719</subfield><subfield code="s">lit-dlps-dc</subfield><subfield code="u">mdp.39015081446794</subfield><subfield code="y">1874</subfield><subfield code="r">pd</subfield><subfield code="q">exp</subfield></datafield></record></collection>